<record xmlns="http://www.loc.gov/MARC21/slim" xmlns:xsi="http://www.w3.org/2001/XMLSchema-instance" xsi:schemaLocation="http://www.loc.gov/MARC21/slim http://www.loc.gov/standards/marcxml/schema/MARC21slim.xsd"><leader>     nam a22        4500</leader><controlfield tag="001">3062802</controlfield><controlfield tag="003">NNC</controlfield><controlfield tag="006">m        d        </controlfield><controlfield tag="007">cr cn |||m|||a</controlfield><controlfield tag="008">150316q19311932ua      o     000 0 araod</controlfield><datafield ind1=" " ind2=" " tag="040"><subfield code="a">NNU</subfield><subfield code="b">eng</subfield><subfield code="e">rda</subfield><subfield code="c">NNU</subfield></datafield><datafield ind1=" " ind2="4" tag="050"><subfield code="a">JC49</subfield><subfield code="b">.K5 1931</subfield></datafield><datafield ind1="0" ind2="4" tag="082"><subfield code="a">340.59</subfield><subfield code="2">21</subfield></datafield><datafield ind1="1" ind2=" " tag="100"><subfield code="6">880-01</subfield><subfield code="a">Khalla&#772;f, &#699;Abd al-Wahha&#772;b,</subfield><subfield code="d">-1956.</subfield></datafield><datafield ind1="1" ind2="3" tag="245"><subfield code="6">880-02</subfield><subfield code="a">al-Siya&#772;sah al-shar&#699;i&#772;yah, aw Niz&#803;a&#772;m al-dawlah al-Isla&#772;mi&#772;yah fi&#772; al-shu&#700;u&#772;n al-dustu&#772;ri&#772;yah wa-al-kha&#772;riji&#772;yah wa-al-ma&#772;li&#772;yah /</subfield><subfield code="c">bi-qalam &#699;Abd al-Wahha&#772;b Khalla&#772;f.</subfield></datafield><datafield ind1="3" ind2=" " tag="246"><subfield code="6">880-03</subfield><subfield code="a">Niz&#803;a&#772;m al-dawlah al-Isla&#772;mi&#772;yah fi&#772; al-shu&#700;u&#772;n al-dustu&#772;ri&#772;yah wa-al-kha&#772;riji&#772;yah wa-al-ma&#772;li&#772;yah</subfield></datafield><datafield ind1=" " ind2=" " tag="260"><subfield code="6">880-04</subfield><subfield code="a">al-Qa&#772;hirah :</subfield><subfield code="b">al-Mat&#803;ba&#699;ah al-Salafi&#772;yah,</subfield><subfield code="c">[1931/32]</subfield></datafield><datafield ind1=" " ind2=" " tag="300"><subfield code="a">online resource (148 pages)</subfield></datafield><datafield ind1=" " ind2=" " tag="336"><subfield code="a">text</subfield><subfield code="2">rdacontent</subfield></datafield><datafield ind1=" " ind2=" " tag="337"><subfield code="a">computer</subfield><subfield code="2">rdamedia</subfield></datafield><datafield ind1=" " ind2=" " tag="338"><subfield code="a">online resource</subfield><subfield code="2">rdacarrier</subfield></datafield><datafield ind1=" " ind2=" " tag="500"><subfield code="a">Part of the Arabic Collections Online (ACO) project, contributed by Columbia University Libraries.</subfield></datafield><datafield ind1=" " ind2=" " tag="533"><subfield code="a">Electronic reproduction.</subfield><subfield code="b">New York, N.Y. :</subfield><subfield code="c">New York University,</subfield><subfield code="d">2015.</subfield><subfield code="5">NNU</subfield></datafield><datafield ind1=" " ind2="0" tag="650"><subfield code="a">Constitutional law (Islamic law)</subfield></datafield><datafield ind1=" " ind2="7" tag="650"><subfield code="a">Constitutional law (Islamic law)</subfield><subfield code="2">fast</subfield><subfield code="0">(OCoLC)fst00875848</subfield></datafield><datafield ind1=" " ind2="7" tag="650"><subfield code="a">Droit constitutionnel (droit islamique)</subfield><subfield code="2">ram</subfield></datafield><datafield ind1="2" ind2=" " tag="710"><subfield code="a">Columbia University.</subfield><subfield code="b">Libraries.</subfield></datafield><datafield ind1="0" ind2=" " tag="730"><subfield code="a">Arabic Collections Online.</subfield></datafield><datafield ind1="0" ind2="8" tag="776"><subfield code="i">Online version:</subfield><subfield code="a">Khalla&#772;f, &#699;Abd al-Wahha&#772;b, -1956.</subfield><subfield code="t">Siya&#772;sah al-shar&#699;i&#772;yah, aw Niz&#803;a&#772;m al-dawlah al-Isla&#772;mi&#772;yah fi&#772; al-shu&#700;u&#772;n al-dustu&#772;ri&#772;yah wa-al-kha&#772;riji&#772;yah wa-al-ma&#772;li&#772;yah.</subfield><subfield code="d">al-Qa&#772;hirah : al-Mat&#803;ba&#699;ah al-Salafi&#772;yah, [1931/32]</subfield><subfield code="w">(OCoLC)763162701</subfield></datafield><datafield ind1="0" ind2="8" tag="776"><subfield code="i">Print version:</subfield><subfield code="a">Khalla&#772;f, &#699;Abd al-Wahha&#772;b, -1956.</subfield><subfield code="t">al-Siya&#772;sah al-shar&#699;i&#772;yah, aw Niz&#803;a&#772;m al-dawlah al-Isla&#772;mi&#772;yah fi&#772; al-shu&#700;u&#772;n al-dustu&#772;ri&#772;yah wa-al-kha&#772;riji&#772;yah wa-al-ma&#772;li&#772;yah</subfield><subfield code="w">(NNC)3062802</subfield><subfield code="w">(OCoLC)41099872</subfield></datafield><datafield ind1="4" ind2="0" tag="856"><subfield code="u">http://hdl.handle.net/2333.1/mgqnkcn5</subfield></datafield><datafield ind1="1" ind2=" " tag="880"><subfield code="6">100-01/r</subfield><subfield code="a">&#1582;&#1604;&#1575;&#1601;&#1548; &#1593;&#1576;&#1583; &#1575;&#1604;&#1608;&#1607;&#1575;&#1576;&#1548;,</subfield><subfield code="d">-1956.</subfield></datafield><datafield ind1="1" ind2="2" tag="880"><subfield code="6">245-02/r</subfield><subfield code="a">&#1575;&#1604;&#1587;&#1610;&#1575;&#1587;&#1577; &#1575;&#1604;&#1588;&#1585;&#1593;&#1610;&#1577;&#1548; &#1571;&#1608; &#1606;&#1592;&#1575;&#1605; &#1575;&#1604;&#1583;&#1608;&#1604;&#1577; &#1575;&#1604;&#1573;&#1587;&#1604;&#1575;&#1605;&#1610;&#1577; &#1601;&#1610; &#1575;&#1604;&#1588;&#1572;&#1608;&#1606; &#1575;&#1604;&#1583;&#1587;&#1578;&#1608;&#1585;&#1610;&#1577; &#1608;&#1575;&#1604;&#1582;&#1575;&#1585;&#1580;&#1610;&#1577; &#1608;&#1575;&#1604;&#1605;&#1575;&#1604;&#1610;&#1577; /</subfield><subfield code="c">&#1576;&#1602;&#1604;&#1605; &#1593;&#1576;&#1583; &#1575;&#1604;&#1608;&#1607;&#1575;&#1576; &#1582;&#1604;&#1575;&#1601;.</subfield></datafield><datafield ind1="3" ind2=" " tag="880"><subfield code="6">246-03/r</subfield><subfield code="a">&#1606;&#1592;&#1575;&#1605; &#1575;&#1604;&#1583;&#1608;&#1604;&#1577; &#1575;&#1604;&#1575;&#1587;&#1604;&#1575;&#1605;&#1610;&#1577; &#1601;&#1610; &#1575;&#1604;&#1588;&#1572;&#1608;&#1606; &#1575;&#1604;&#1583;&#1587;&#1578;&#1608;&#1585;&#1610;&#1577; &#1608;&#1575;&#1604;&#1582;&#1575;&#1585;&#1580;&#1610;&#1577; &#1608;&#1575;&#1604;&#1605;&#1575;&#1604;&#1610;&#1577;</subfield></datafield><datafield ind1=" " ind2=" " tag="880"><subfield code="6">260-04/r</subfield><subfield code="a">&#1575;&#1604;&#1602;&#1575;&#1607;&#1585;&#1577; :</subfield><subfield code="b">&#1575;&#1604;&#1605;&#1591;&#1576;&#1593;&#1577; &#1575;&#1604;&#1587;&#1604;&#1601;&#1610;&#1577;&#1548;</subfield><subfield code="c">[1931/32].</subfield></datafield><datafield ind1=" " ind2=" " tag="959"><subfield code="a">NNU</subfield><subfield code="b">WEB</subfield><subfield code="c">GENI</subfield><subfield code="t">0</subfield><subfield code="m">Electronic access</subfield><subfield code="s">01</subfield></datafield><datafield ind1=" " ind2=" " tag="999"><subfield code="i">NNC_3062802</subfield><subfield code="o">(OCoLC)ocm41099872 </subfield><subfield code="s">columbia_aco000294</subfield></datafield></record>